@misc{lokalita,
        keywords = "intarticle",
        title = "Principle of locality",
        organization = "Wikipedia",
        url = "https://en.wikipedia.org/wiki/Principle_of_locality",
        urldate = "2022-10-15"
    }
@misc{realismus,
        keywords = "intarticle",
        title = "Philosophical realism",
        organization = "Wikipedia",
        url = "https://en.wikipedia.org/wiki/Philosophical_realism",
        urldate = "2022-10-15"
    }

@misc{measprob,
        keywords = "ytvideo",
        title = "The Problem with Quantum Measurement",
        organization = "Youtube",
        author = "Hossenfelder, Sabine",
        url = "https://www.youtube.com/watch?v=Be3HlA_9968",
        urldate = "2022-10-15"
}

@article{unifprob,
  title="Incompatibility of General Relativity with Quantum Mechanics",
  author={Abdeen, M. Shameer and de Silva, L. N. K.},
  journal="{IPSL}, Institute of Physics in Sri Lanka",
  volume={29},
  pages="57-63",
  date="2013",
  publisher="{IPSL}, Institute of Physics in Sri Lanka",
  url = "https://ipsl.lk/documents/TechSession/2013/ipsl13-09.pdf"
}

@book{quantum,
    author = "Kumar, Manjit",
    date = "2014",
    title = "Quantum: Einstein, Bohr, and the Great Debate about the Nature of Reality",
    location = "Lond√Ωn",
    publisher = "Icon Books Ltd."

}

